@article{turing1937,
  title={On computable numbers, with an application to the Entscheidungsproblem},
  author={Turing, Alan Mathison},
  journal={Proceedings of the London mathematical society},
  volume={2},
  number={1},
  pages={230--265},
  year={1937},
  publisher={Wiley Online Library}
}

@article{dijkstra1968,
  title={Go to statement considered harmful},
  author={Dijkstra, Edsger W},
  journal={Communications of the ACM},
  volume={11},
  number={3},
  pages={147--148},
  year={1968}
}

@inproceedings{golub1992,
  title={Microkernel operating system architecture and Mach},
  author={Golub, David B and Julin, Daniel P and Rashid, Richard F and Draves, Richard P and Dean, Randall W and Forin, Alessandro and Barrera, Joseph and Tokuda, Hideyuki and Malan, Gerald and Bohman, David},
  booktitle={In Proceedings of the USENIX Workshop on Micro-Kernels and Other Kernel Architectures},
  pages={11--30},
  year={1992}
}

@article{diffie1976,
  title={New directions in cryptography},
  author={Diffie, Whitfield and Hellman, Martin},
  journal={IEEE transactions on Information Theory},
  volume={22},
  number={6},
  pages={644--654},
  year={1976},
  publisher={IEEE}
}
